@book{sutton2018reinforcement,
  title={Reinforcement learning: An introduction},
  author={Sutton, Richard S and Barto, Andrew G},
  year={2018},
  publisher={MIT press}
}
@article{wangreinforcement,
  title={Reinforcement Learning-based Hierarchical Seed Scheduling for Greybox Fuzzing},
  author={Wang, Jinghan and Song, Chengyu and Yin, Heng}
}
@article{sutton1999policy,
  title={Policy gradient methods for reinforcement learning with function approximation},
  author={Sutton, Richard S and McAllester, David and Singh, Satinder and Mansour, Yishay},
  journal={Advances in neural information processing systems},
  volume={12},
  year={1999}
}
@article{bastani2017synthesizing,
  title={Synthesizing program input grammars},
  author={Bastani, Osbert and Sharma, Rahul and Aiken, Alex and Liang, Percy},
  journal={ACM SIGPLAN Notices},
  volume={52},
  number={6},
  pages={95--110},
  year={2017},
  publisher={ACM New York, NY, USA}
}